% This file was created with JabRef 2.6.
% Encoding: Cp1252

@MASTERSTHESIS{scrumtool,
  author = {Mathias Breuß},
  title = {{Toolunterstützung für Scrum}},
  school = {University of Innsbruck},
  year = {2010}
}

@ARTICLE{eclipse_riena,
  author = {Christian Campo},
  title = {{Eclipse-Riena-Projekt - Verteilte Client/Serveranwendungen auf Basis
	von Eclipse/Equinox}},
  journal = {Eclipse Magazin},
  year = {2008},
  volume = {16},
  pages = {47-52}
}

@ARTICLE{mashup_definition,
  author = {John Crupi and Chris Warner},
  title = {{Enterprise Mashups Part I: Bringing SOA to the People}},
  journal = {SOA Magazine},
  year = {2008}
}

@BOOK{soa,
  title = {{SOA Principles of Service Design (The Prentice Hall Service-Oriented
	Computing Series from Thomas Erl)}},
  publisher = {Prentice Hall PTR},
  year = {2007},
  author = {Erl, Thomas},
  address = {Upper Saddle River, NJ, USA},
  isbn = {0132344823}
}

@BOOK{stephen_few,
  title = {{Information Dashboard Design : The Effective Visual Communication
	of Data}},
  publisher = {{O'Reilly Media, Inc.}},
  year = {2006},
  author = {Stephen Few},
  howpublished = {Paperback},
  isbn = {0596100167}
}

@UNPUBLISHED{marcoflow,
  author = {Florian Daniel, Stefano Soi, Stefano Tranquillini, Fabio Casati,
	Chang Heng, Li Yan},
  title = {{From People to Services to UI: Distributed Orchestration of User
	Interfaces}},
  year = {2010},
  note = {BPM'10 - to be published}
}

@BOOK{GammaHelmEtAl95,
  title = {{Design Patterns: Elements of Reusable Object-Oriented Software}},
  publisher = {Addison-Wesley},
  year = {1995},
  author = {Erich Gamma and Richard Helm and Ralph E. Johnson and John Vlissides},
  address = {Reading, MA},
  isbn = {978-0-201-63361-0}
}

@BOOK{Heinrich2000,
  title = {{Evaluation und Evaluationsforschung in der Wirtschaftsinformatik}},
  publisher = {Oldenbourg},
  year = {2000},
  author = {Lutz J. Heinrich and Irene Häntschel}
}

@BOOK{Hohpe2003,
  title = {{Enterprise Integration Patterns: Designing, Building, and Deploying
	Messaging Solutions}},
  publisher = {Addison-Wesley Professional},
  year = {2003},
  author = {Gregor Hohpe and Bobby Woolf}
}

@INPROCEEDINGS{types_of_mashups,
  author = {Hoyer, Volker and Fischer, Marco},
  title = {{Market Overview of Enterprise Mashup Tools}},
  booktitle = {ICSOC '08: Proceedings of the 6th International Conference on Service-Oriented
	Computing},
  year = {2008},
  pages = {708--721},
  address = {Berlin, Heidelberg},
  publisher = {Springer-Verlag},
  isbn = {978-3-540-89647-0}
}

@BOOK{flexible_software,
  title = {{Flexible Software Design: Systems Development for Changing Requirements}},
  publisher = {Auerbach Publications},
  year = {2005},
  author = {Bruce Johnson and Walter W. Woolfolk and Robert Miller and Cindy
	Johnson}
}

@BOOK{nicolai,
  title = {{SOA in Practice: The Art of Distributed System Design}},
  publisher = {O'Reilly},
  year = {2007},
  author = {Nicolai M. Josuttis}
}

@INPROCEEDINGS{schuster2009,
  author = {Nelly Schuster and Christian Zirpins and Stefan Tai and Steve Battle
	and Nils Heuer},
  title = {{A Service-Oriented Approach to Document-Centric Situational Collaboration
	Processes}},
  booktitle = {18th IEEE International Workshops on Enabling Technologies: Infrastructures
	for Collaborative Enterprises, WETICE 2009, Groningen, The Netherlands,
	29 June - 1 July 2009, Proceedings},
  year = {2009},
  pages = {221-226},
  publisher = {IEEE Computer Society}
}

@BOOK{KS04,
  title = {{Agile Project Management with Scrum}},
  publisher = {Prentice Hall},
  year = {2004},
  author = {Ken Schwaber}
}

@INPROCEEDINGS{fast_paper,
  author = {Soriano, Javier and Lizcano, David and Hierro, Juan J. and Reyes,
	Marcos and Schroth, Christoph and Janner, Till},
  title = {{Enhancing User-Service Interaction through a Global User-Centric
	Approach to SOA}},
  booktitle = {ICNS '08: Proceedings of the Fourth International Conference on Networking
	and Services},
  year = {2008},
  pages = {194--203},
  publisher = {IEEE Computer Society},
  isbn = {978-0-7695-3094-9}
}

@MISC{swordfish_whitepaper,
  author = {Oliver Wolf},
  title = {{Eclipse Swordfish - an Open Source SOA Runtime Framework for the
	Enterprise}},
  year = {2009},
  type = {Whitepaper},
  url = {http://www.eclipse.org/swordfish/assets/whitepaper.pdf}
}

@MISC{aris_dashboard,
  title = {{ARIS Performance Dashboard}},
  howpublished = {http://www.aris.de/de/ARIS/ARIS{\_} Platform/ARIS{\_}Performance{\_}Dashboard/80073.html},
  note = {Last visited: 09.06.2010},
  key = {aris_dashboard}
}

@MISC{eclipse_rcp,
  title = {{Eclipse RCP}},
  howpublished = {http://wiki.eclipse.org/index.php/Rich{\_}Client{\_}Platform},
  note = {Last visited: 09.06.2010},
  key = {eclipse_rcp}
}

@MISC{ezweb,
  title = {{EzWeb}},
  howpublished = {http://ezweb.tid.es},
  note = {Last visited: 09.06.2010},
  key = {ezweb}
}

@MISC{fast,
  title = {{FASt - Fast and Advanced Storyboard Tools}},
  howpublished = {http://fast.morfeo-project.eu},
  note = {Last visited: 09.06.2010},
  key = {fast}
}

@MISC{google_maps,
  title = {{Google Maps}},
  howpublished = {http://maps.google.at},
  note = {Last visited: 09.06.2010},
  key = {google_maps}
}

@MISC{ibm_mashup_center,
  title = {{IBM Mashup Center}},
  howpublished = {http://www.ibm.com/software/info/mashup-center/},
  note = {Last visited: 09.06.2010},
  key = {ibm_mashup_center}
}

@MISC{jme_foundation_profile,
  title = {{Java ME Foundation Profile}},
  howpublished = {http://java.sun.com/products/found\-ation/},
  note = {Last visited: 09.06.2010},
  key = {jme_foundation_profile}
}

@MISC{microsoft_popfly,
  title = {{Microsoft Popfly}},
  howpublished = {http://www.popfly.com},
  note = {Last visited: 20.08.2009},
  key = {microsoft_popfly}
}

@MISC{osgi-alliance,
  title = {{OSGi Alliance}},
  howpublished = {http://www.osgi.org},
  note = {Last visited: 09.06.2010},
  key = {osgi-alliance}
}

@MISC{portlets,
  title = {{JSR-000168 Portlet Specification}},
  howpublished = {http://jcp.org/aboutJava/comm\-unityprocess/final/jsr168/},
  note = {Last visited: 09.06.2010},
  key = {portlets}
}

@MISC{riena,
  title = {{Riena}},
  howpublished = {http://www.eclipse.org/riena/},
  note = {Last visited: 09.06.2010},
  key = {riena}
}

@MISC{swordfish,
  title = {{Swordfish}},
  howpublished = {http://www.eclipse.org/swordfish/},
  note = {Last visited: 09.06.2010},
  key = {swordfish}
}

@MISC{websphere_dashboard,
  title = {{WebSphere Dashboard Framework}},
  howpublished = {http://www-01.ibm.com/software/genservers/portal/dashboardframework/},
  note = {Last visited: 09.06.2010},
  key = {websphere_dashboard}
}

@MISC{yahoo_pipes,
  title = {{Yahoo Pipes}},
  howpublished = {http://pipes.yahoo.com},
  note = {Last visited: 09.06.2010},
  key = {yahoo_pipes}
}

